<record><leader>00000cas a22000007a 4500</leader><controlfield tag="001">13503525</controlfield><controlfield tag="008">860428d18951970inuwr ne      0    0eng d</controlfield><datafield ind1=" " ind2=" " tag="010"><subfield code="a">sn 86058500 </subfield></datafield><datafield ind1=" " ind2=" " tag="040"><subfield code="a">NPI</subfield><subfield code="b">eng</subfield><subfield code="c">NPI</subfield><subfield code="d">OCLCQ</subfield></datafield><datafield ind1=" " ind2=" " tag="042"><subfield code="a">msc</subfield></datafield><datafield ind1="0" ind2="4" tag="245"><subfield code="a">The Martinsville Democrat.</subfield></datafield><datafield ind1=" " ind2=" " tag="260"><subfield code="a">Martinsville, Ind. :</subfield><subfield code="b">G.E. Finney &amp; Son</subfield></datafield><datafield ind1=" " ind2=" " tag="300"><subfield code="a">v. :</subfield><subfield code="b">ill. ;</subfield><subfield code="c">60 cm.</subfield></datafield><datafield ind1=" " ind2=" " tag="310"><subfield code="a">Weekly</subfield></datafield><datafield ind1="1" ind2=" " tag="362"><subfield code="a">Began in 1895.</subfield><subfield code="z">Cf. Miller, John W. Indiana newspaper bibliog.</subfield></datafield><datafield ind1="0" ind2=" " tag="362"><subfield code="a">-v. 122, no. 8 (Feb. 27, 1970).</subfield></datafield><datafield ind1=" " ind2=" " tag="580"><subfield code="a">Published also from about 1922 until 1924 in a daily edition called: Martinsville tribune. Cf. Miller.</subfield></datafield><datafield ind1=" " ind2=" " tag="588"><subfield code="a">Description based on: 5th year (Mar. 17, 1899).</subfield></datafield><datafield ind1=" " ind2=" " tag="752"><subfield code="a">United States</subfield><subfield code="b">Indiana</subfield><subfield code="c">Morgan</subfield><subfield code="d">Martinsville.</subfield></datafield><datafield ind1="1" ind2=" " tag="775"><subfield code="t">Martinsville tribune</subfield></datafield><datafield ind1="0" ind2="0" tag="780"><subfield code="t">Morgan County gazette (Martinsville, Ind. : 1886)</subfield><subfield code="w">(DLC)sn 86058499</subfield></datafield><datafield ind1="0" ind2="0" tag="785"><subfield code="t">Morgan County gazette (Martinsville, Ind. : 1970)</subfield><subfield code="w">(DLC)sn 86058501</subfield></datafield><datafield ind1="1" ind2=" " tag="029"><subfield code="a">AU@</subfield><subfield code="b">000025803499</subfield></datafield></record>